<?xml version="1.0" encoding="UTF-8"?><collection xmlns="http://www.loc.gov/MARC21/slim"><record><leader>00393nam--2200145-i-4500</leader><controlfield tag="001">000039868</controlfield><controlfield tag="002">20161230</controlfield><controlfield tag="005">20161230201042</controlfield><controlfield tag="008">060222s1000------------r-----000-0-eng-d</controlfield><datafield ind1=" " ind2=" " tag="080"><subfield code="a">535.36:535.375</subfield></datafield><datafield ind1=" " ind2=" " tag="100"><subfield code="a">Rousset, A</subfield></datafield><datafield ind1=" " ind2=" " tag="245"><subfield code="a">La difusion de la lumiere par les molecules rigides</subfield></datafield><datafield ind1=" " ind2=" " tag="260"><subfield code="a">Paris, Gauthier-villars, 1947, Xi = 112p.+ 41 Fig</subfield></datafield><datafield ind1=" " ind2=" " tag="490"><subfield code="a">Conf, Rapports</subfield></datafield><datafield ind1=" " ind2=" " tag="852"><subfield code="a">1115</subfield></datafield></record></collection>